%YAML 1.1
%TAG !u! tag:unity3d.com,2011:
--- !u!1001 &100100000
Prefab:
  m_ObjectHideFlags: 1
  serializedVersion: 2
  m_Modification:
    m_TransformParent: {fileID: 0}
    m_Modifications: []
    m_RemovedComponents: []
  m_ParentPrefab: {fileID: 0}
  m_RootGameObject: {fileID: 1110557994034710}
  m_IsPrefabParent: 1
--- !u!1 &1110557994034710
GameObject:
  m_ObjectHideFlags: 0
  m_PrefabParentObject: {fileID: 0}
  m_PrefabInternal: {fileID: 100100000}
  serializedVersion: 5
  m_Component:
  - component: {fileID: 4334852378063232}
  - component: {fileID: 33929451353957160}
  - component: {fileID: 23319818424511026}
  - component: {fileID: 54545487474787072}
  - component: {fileID: 65062931088228102}
  - component: {fileID: 65132176292653094}
  - component: {fileID: 114031804178538700}
  m_Layer: 0
  m_Name: Cane
  m_TagString: Untagged
  m_Icon: {fileID: 0}
  m_NavMeshLayer: 0
  m_StaticEditorFlags: 0
  m_IsActive: 1
--- !u!4 &4334852378063232
Transform:
  m_ObjectHideFlags: 1
  m_PrefabParentObject: {fileID: 0}
  m_PrefabInternal: {fileID: 100100000}
  m_GameObject: {fileID: 1110557994034710}
  m_LocalRotation: {x: -0.6830127, y: -0.68301266, z: 0.18301274, w: 0.18301272}
  m_LocalPosition: {x: 0.862, y: 5.19, z: -0.517}
  m_LocalScale: {x: 130, y: 130, z: 130}
  m_Children: []
  m_Father: {fileID: 0}
  m_RootOrder: 0
  m_LocalEulerAnglesHint: {x: 0, y: -150, z: 90.00001}
--- !u!23 &23319818424511026
MeshRenderer:
  m_ObjectHideFlags: 1
  m_PrefabParentObject: {fileID: 0}
  m_PrefabInternal: {fileID: 100100000}
  m_GameObject: {fileID: 1110557994034710}
  m_Enabled: 1
  m_CastShadows: 1
  m_ReceiveShadows: 1
  m_MotionVectors: 1
  m_LightProbeUsage: 1
  m_ReflectionProbeUsage: 1
  m_Materials:
  - {fileID: 2100000, guid: 7f18fd3f8dc7e7142891f39b4879b244, type: 2}
  m_StaticBatchInfo:
    firstSubMesh: 0
    subMeshCount: 0
  m_StaticBatchRoot: {fileID: 0}
  m_ProbeAnchor: {fileID: 0}
  m_LightProbeVolumeOverride: {fileID: 0}
  m_ScaleInLightmap: 1
  m_PreserveUVs: 0
  m_IgnoreNormalsForChartDetection: 0
  m_ImportantGI: 0
  m_SelectedEditorRenderState: 3
  m_MinimumChartSize: 4
  m_AutoUVMaxDistance: 0.5
  m_AutoUVMaxAngle: 89
  m_LightmapParameters: {fileID: 0}
  m_SortingLayerID: 0
  m_SortingOrder: 0
--- !u!33 &33929451353957160
MeshFilter:
  m_ObjectHideFlags: 1
  m_PrefabParentObject: {fileID: 0}
  m_PrefabInternal: {fileID: 100100000}
  m_GameObject: {fileID: 1110557994034710}
  m_Mesh: {fileID: 4300000, guid: 9cb559e45a14c824196750e173e2091f, type: 3}
--- !u!54 &54545487474787072
Rigidbody:
  m_ObjectHideFlags: 1
  m_PrefabParentObject: {fileID: 0}
  m_PrefabInternal: {fileID: 100100000}
  m_GameObject: {fileID: 1110557994034710}
  serializedVersion: 2
  m_Mass: 10
  m_Drag: 0
  m_AngularDrag: 0.05
  m_UseGravity: 0
  m_IsKinematic: 1
  m_Interpolate: 0
  m_Constraints: 0
  m_CollisionDetection: 0
--- !u!65 &65062931088228102
BoxCollider:
  m_ObjectHideFlags: 1
  m_PrefabParentObject: {fileID: 0}
  m_PrefabInternal: {fileID: 100100000}
  m_GameObject: {fileID: 1110557994034710}
  m_Material: {fileID: 0}
  m_IsTrigger: 0
  m_Enabled: 1
  serializedVersion: 2
  m_Size: {x: 0.01514816, y: 0.016030706, z: 0.008540647}
  m_Center: {x: 0.0145, y: -0.01455609, z: 0.001015682}
--- !u!65 &65132176292653094
BoxCollider:
  m_ObjectHideFlags: 1
  m_PrefabParentObject: {fileID: 0}
  m_PrefabInternal: {fileID: 100100000}
  m_GameObject: {fileID: 1110557994034710}
  m_Material: {fileID: 0}
  m_IsTrigger: 0
  m_Enabled: 1
  serializedVersion: 2
  m_Size: {x: 0.055, y: 0.005, z: 0.0045}
  m_Center: {x: -0.02, y: -0.009, z: 0.0004}
--- !u!114 &114031804178538700
MonoBehaviour:
  m_ObjectHideFlags: 1
  m_PrefabParentObject: {fileID: 0}
  m_PrefabInternal: {fileID: 100100000}
  m_GameObject: {fileID: 1110557994034710}
  m_Enabled: 1
  m_EditorHideFlags: 0
  m_Script: {fileID: 11500000, guid: ea65c9db606a19d47b0b0486a461e586, type: 3}
  m_Name: 
  m_EditorClassIdentifier: 
  hitEffect: {fileID: 1357852948647144, guid: 3ff1e889e45d5b043a2727a5ee6d0c8c, type: 2}
  splashLauncher: {fileID: 0}
  hitSounds:
  - {fileID: 8300000, guid: 7443f88a0b61d1b4cb4c853ca4d8b2f2, type: 3}
  - {fileID: 8300000, guid: 5c7c0485f8237fb4985e9e53ac9e10b5, type: 3}
  - {fileID: 8300000, guid: 3c9dda1765059144d883569cf1ee06a5, type: 3}
